%! Author = Runge
%! Date = 29-12-2023

@book{goossens1993,
    author    = "Michel Goossens and Frank Mittelbach and Alexander Samarin",
    title     = "The LaTeX Companion",
    year      = "1993",
    publisher = "Addison-Wesley",
    address   = "Reading, Massachusetts"
}

@article{greenwade1993,
    author  = "George D. Greenwade",
    title   = "The {C}omprehensive {T}ex {A}rchive {N}etwork ({CTAN})",
    year    = "1993",
    journal = "TUGBoat",
    volume  = "14",
    number  = "3",
    pages   = "342--351"
}

@inproceedings{kwiatkowska2011prism,
    title={PRISM 4.0: Verification of probabilistic real-time systems},
    author={Kwiatkowska, Marta and Norman, Gethin and Parker, David},
    booktitle={Computer Aided Verification: 23rd International Conference, CAV 2011, Snowbird, UT, USA, July 14-20, 2011. Proceedings 23},
    pages={585--591},
    year={2011},
    organization={Springer}
}

@article{ciocchetta2009bio,
    title = {Bio-PEPA: A framework for the modelling and analysis of biological systems},
    author = {Ciocchetta, Federica and Hillston, Jane},
    journal = {Theoretical Computer Science},
    volume = {410},
    number = {33-34},
    pages = {3065--3084},
    year = {2009},
    publisher = {Elsevier} 
}   

@book{lazowska1984quantitative,
    title = {Quantitative system performance: computer system analysis using queueing network models},
    author = {Lazowska, Edward D and Zahorjan, John and Graham, G Scott and Sevcik, Kenneth C},
    year = {1984},
    publisher = {Prentice-Hall, Inc.},
}

@InProceedings{covid19_prism,
    author = {Milazzo, Paolo},
    title = {Analysis of COVID-19 Data with PRISM: Parameter Estimation and SIR Modelling},
    booktitle = {From Data to Models and Back},
    year = {2021},
    publisher = {Springer International Publishing},
    pages = {123--133},
    isbn = {978-3-030-70650-0},
    url = {https://link.springer.com/chapter/10.1007/978-3-030-70650-0_8},
}

@book{mamon2007hidden,
  title={Hidden Markov models in finance},
  author={Mamon, Rogemar S and Elliott, Robert James},
  volume={4},
  year={2007},
  publisher={Springer}
}

@book{markov1962theory,
  title={Theory of algorithms},
  author={Markov, Andre Andreevich and Schorr-Kon, Jacques J},
  year={1962},
  publisher={Springer}
}

@article{hensel2021probabilistic,
    title={The probabilistic model checker Storm},
    author={Hensel, Christian and Junges, Sebastian and Katoen, Joost-Pieter and Quatmann, Tim and Volk, Matthias},
    journal={International Journal on Software Tools for Technology Transfer},
    pages={1--22},
    publisher={Springer}
}

@inproceedings{clarke1997model,
  title={Model checking},
  author={Clarke, Edmund M},
  booktitle={Foundations of Software Technology and Theoretical Computer Science: 17th Conference Kharagpur, India, December 18--20, 1997 Proceedings 17},
  pages={54--56},
  year={1997},
  organization={Springer}
}

@article{bacci2023mm,
    title = {MM Algorithms to Estimate Parameters in Continuous-time Markov Chains},
    author = {Giovanni Bacci and Anna Ingólfsdóttir and Kim G. Larsen and Raphaël Reynouard},
    year = {2023},
    eprint = {2302.08588},
    archivePrefix = {arXiv},
    primaryClass = {cs.LG} 
}

@inproceedings{kenny2014deep,
  title={Deep Neural Networks for extracting Baum-Welch statistics for Speaker Recognition.},
  author={Kenny, Patrick and Stafylakis, Themos and Ouellet, Pierre and Gupta, Vishwa and Alam, Md Jahangir},
  booktitle={Odyssey},
  volume={2014},
  pages={293--298},
  year={2014}
}

@article{levinson1983introduction,
  title={An introduction to the application of the theory of probabilistic functions of a Markov process to automatic speech recognition},
  author={Levinson, Stephen E and Rabiner, Lawrence R and Sondhi, M Mohan},
  journal={Bell System Technical Journal},
  volume={62},
  number={4},
  pages={1035--1074},
  year={1983},
  publisher={Wiley Online Library}
}

@article{davis2004comparing,
  title={Comparing and evaluating HMM ensemble training algorithms using train and test and condition number criteria},
  author={Davis, Richard IA and Lovell, Brian C},
  journal={Formal Pattern Analysis \& Applications},
  volume={6},
  pages={327--335},
  year={2004},
  publisher={Springer}
}

@inproceedings{reynouard2023jajapy,
  title={Jajapy: a learning library for stochastic models},
  author={Reynouard, Rapha{\"e}l and Ing{\'o}lfsd{\'o}ttir, Anna and Bacci, Giovanni},
  booktitle={International Conference on Quantitative Evaluation of Systems},
  pages={30--46},
  year={2023},
  organization={Springer}
}


@article{somenzi1997cudd,
    author = {Fabio Somenzi},
    title = {CUDD: CU Decision Diagram Package},
    journal = {Public Software, University of Colorado},
    year = {1997},
    }

@article{p7,
    author = {Hansen, Lars Emanuel and Ståhl, Casper and Petersen, Daniel Runge and Aaholm, Sebastian and Jakobsen, Anders Malta},
    title = {Symbolic Parameter Estimation of Continuous-Time Markov Chains},
    journal = {AAU Student Projects},
    year = {2023},
    eprint = {https://kbdk-aub.primo.exlibrisgroup.com/permalink/45KBDK_AUB/a7me0f/alma9921651457905762},
}